@unpublished{inkala2006aisudoku,
  title={{AI} {S}udoku Top 10},
  author={Inkala, Arto},
  year={2006},
  note={Available at \url{http://www.aisudoku.com/index_en.html}}
}

@article{delahaye2006science,
  title={The science behind {S}udoku},
  author={Delahaye, Jean-Paul},
  journal={Scientific American},
  volume={294},
  number={6},
  pages={80--87},
  year={2006},
  publisher={JSTOR}
}

@article{hsiao2021steganography,
  author    = {Tsung{-}Chih Hsiao and
               Dong{-}Xu Liu and
               Tzer{-}Long Chen and
               Chih{-}Cheng Chen},
  title     = {Research on Image Steganography Based on {S}udoku Matrix},
  journal   = {Symmetry},
  volume    = {13},
  number    = {3},
  pages     = {387},
  year      = {2021},
  url       = {https://doi.org/10.3390/sym13030387},
  doi       = {10.3390/sym13030387},
  timestamp = {Thu, 29 Apr 2021 15:11:19 +0200},
  biburl    = {https://dblp.org/rec/journals/symmetry/HsiaoLCC21.bib},
  bibsource = {dblp computer science bibliography, https://dblp.org}
}

@article{sarkar2015sudoku,
  title={Sudoku squares as experimental designs},
  author={Sarkar, Jyotirmoy and Sinha, Bikas K},
  journal={Resonance},
  volume={20},
  number={9},
  pages={788--802},
  year={2015},
  publisher={Springer}
}

@article{musliu2017sudoku,
  author    = {Nysret Musliu and
               Felix Winter},
  title     = {A Hybrid Approach for the {S}udoku Problem: Using Constraint Programming in Iterated Local Search},
  journal   = {{IEEE} Intelligent Systems},
  volume    = {32},
  number    = {2},
  pages     = {52--62},
  year      = {2017},
  url       = {https://doi.org/10.1109/MIS.2017.29},
  doi       = {10.1109/MIS.2017.29},
  timestamp = {Tue, 29 Dec 2020 18:26:51 +0100},
  biburl    = {https://dblp.org/rec/journals/expert/MusliuW17.bib},
  bibsource = {dblp computer science bibliography, https://dblp.org}
}

@article{yato2003complexity,
  author    = {Takayuki Yato and
               Takahiro Seta},
  title     = {Complexity and Completeness of Finding Another Solution and Its Application
               to Puzzles},
  journal   = {{IEICE} Transactions on Fundamentals of Electronics, Communications and Computer Sciences},
  volume    = {86-A},
  number    = {5},
  pages     = {1052--1060},
  year      = {2003},
  url       = {http://search.ieice.org/bin/summary.php?id=e86-a\_5\_1052},
  timestamp = {Tue, 08 Jun 2021 16:13:42 +0200},
  biburl    = {https://dblp.org/rec/journals/ieiceta/YatoS03.bib},
  bibsource = {dblp computer science bibliography, https://dblp.org}
}

@article{bartlett2008integer,
  title={An integer programming model for the {S}udoku problem},
  author={Bartlett, Andrew and Chartier, Timothy P and Langville, Amy N and Rankin, Timothy D},
  journal={Journal of Online Mathematics and its Applications},
  volume={8},
  number={1},
  year={2008}
}

@inproceedings{lynce2006sat,
  author    = {In{\^{e}}s Lynce and
               Jo{\"{e}}l Ouaknine},
  title     = {Sudoku as a {SAT} Problem},
  booktitle = {International Symposium on Artificial Intelligence and Mathematics (AI{\&}Math)},
  year      = {2006},
  url       = {http://anytime.cs.umass.edu/aimath06/proceedings/P34.pdf},
  timestamp = {Tue, 08 Feb 2022 09:27:30 +0100},
  biburl    = {https://dblp.org/rec/conf/isaim/LynceO06.bib},
  bibsource = {dblp computer science bibliography, https://dblp.org}
}

@inproceedings{pfeiffer2010sat,
  author    = {Uwe Pfeiffer and
               Tomas Karnagel and
               Guido Scheffler},
  //editor    = {Andrei Voronkov and
               Geoff Sutcliffe and
               Matthias Baaz and
               Christian G. Ferm{\"{u}}ller},
  title     = {A {S}udoku-Solver for Large Puzzles using {SAT}},
  booktitle = {International Conference on Logic for Programming, Artificial intelligence, and Reasoning (LPAR)},
  //series    = {EPiC Series in Computing},
  //volume    = {13},
  pages     = {52--57},
  //publisher = {EasyChair},
  year      = {2010},
  url       = {https://doi.org/10.29007/79mc},
  doi       = {10.29007/79mc},
  timestamp = {Sun, 15 Aug 2021 00:16:53 +0200},
  biburl    = {https://dblp.org/rec/conf/lpar/PfeifferKS10.bib},
  bibsource = {dblp computer science bibliography, https://dblp.org}
}

@inproceedings{simonis2005sudoku,
  title={Sudoku as a constraint problem},
  author={Simonis, Helmut},
  booktitle={CP Workshop on modeling and reformulating Constraint Satisfaction Problems},
  //volume={12},
  pages={13--27},
  year={2005},
  //organization={Citeseer}
}

@inproceedings{crawford2009solving,
  title={Solving {S}udoku with constraint programming},
  author={Crawford, Broderick and Castro, Carlos and Monfroy, Eric},
  booktitle={International Conference on Multiple Criteria Decision Making},
  pages={345--348},
  year={2009},
  //organization={Springer}
}

@article{soto2013ac3tabu,
  author    = {Ricardo Soto and
               Broderick Crawford and
               Cristian Galleguillos and
               {\'{E}}ric Monfroy and
               Fernando Paredes},
  title     = {A hybrid {AC3}-tabu search algorithm for solving {S}udoku puzzles},
  journal   = {Expert Systems with Applications},
  volume    = {40},
  number    = {15},
  pages     = {5817--5821},
  year      = {2013},
  url       = {https://doi.org/10.1016/j.eswa.2013.05.019},
  doi       = {10.1016/j.eswa.2013.05.019},
  timestamp = {Tue, 23 Feb 2021 09:09:33 +0100},
  biburl    = {https://dblp.org/rec/journals/eswa/SotoCGMP13.bib},
  bibsource = {dblp computer science bibliography, https://dblp.org}
}

@inproceedings{mantere2007sudoku,
  author    = {Timo Mantere and
               Janne Koljonen},
  title     = {Solving, rating and generating {S}udoku puzzles with {GA}},
  booktitle = {Proceedings of the {IEEE} Congress on Evolutionary Computation ({CEC})},
  pages     = {1382--1389},
  //publisher = {{IEEE}},
  year      = {2007},
  url       = {https://doi.org/10.1109/CEC.2007.4424632},
  doi       = {10.1109/CEC.2007.4424632},
  timestamp = {Thu, 16 Dec 2021 14:01:04 +0100},
  biburl    = {https://dblp.org/rec/conf/cec/MantereK07.bib},
  bibsource = {dblp computer science bibliography, https://dblp.org}
}

@inproceedings{sato2010sudoku,
  author    = {Yuji Sato and
               Hazuki Inoue},
  //editor    = {Georgios N. Yannakakis and
               Julian Togelius},
  title     = {Solving {S}udoku with genetic operations that preserve building blocks},
  booktitle = {Proceedings of the {IEEE} Conference on Computational Intelligence and Games ({CIG})},
  pages     = {23--29},
  //publisher = {{IEEE}},
  year      = {2010},
  url       = {https://doi.org/10.1109/ITW.2010.5593375},
  doi       = {10.1109/ITW.2010.5593375},
  timestamp = {Mon, 03 Jan 2022 22:21:41 +0100},
  biburl    = {https://dblp.org/rec/conf/cig/SatoI10.bib},
  bibsource = {dblp computer science bibliography, https://dblp.org}
}
@article{lewis2007metaheuristics,
  author    = {Rhyd Lewis},
  title     = {Metaheuristics can solve {S}udoku puzzles},
  journal   = {Journal of Heuristics},
  volume    = {13},
  number    = {4},
  pages     = {387--401},
  year      = {2007},
  url       = {https://doi.org/10.1007/s10732-007-9012-8},
  doi       = {10.1007/s10732-007-9012-8},
  timestamp = {Tue, 06 Jun 2017 22:22:02 +0200},
  biburl    = {https://dblp.org/rec/journals/heuristics/Lewis07.bib},
  bibsource = {dblp computer science bibliography, https://dblp.org}
}
@article{lloyd2020antcolony,
  author    = {Huw Lloyd and
               Martyn Amos},
  title     = {Solving {S}udoku With Ant Colony Optimization},
  journal   = {{IEEE} Transactions on Games},
  volume    = {12},
  number    = {3},
  pages     = {302--311},
  year      = {2020},
  url       = {https://doi.org/10.1109/TG.2019.2942773},
  doi       = {10.1109/TG.2019.2942773},
  timestamp = {Thu, 16 Sep 2021 17:57:30 +0200},
  biburl    = {https://dblp.org/rec/journals/tciaig/LloydA20.bib},
  bibsource = {dblp computer science bibliography, https://dblp.org}
}

@article{soto2014prefiltered,
  title={A prefiltered cuckoo search algorithm with geometric operators for solving {S}udoku problems},
  author={Soto, Ricardo and 
          Crawford, Broderick and 
          Galleguillos, Cristian and 
          Monfroy, Eric and 
          Paredes, Fernando},
  journal={The Scientific World Journal},
  //volume={2014},
  year={2014},
  publisher={Hindawi}
}

@inproceedings{geem2007harmony,
  author    = {Zong Woo Geem},
  //editor    = {Bruno Apolloni and
               Robert J. Howlett and
               Lakhmi C. Jain},
  title     = {Harmony Search Algorithm for Solving {S}udoku},
  booktitle = {International Conference on Knowledge-Based Intelligent Information and Engineering Systems ({KES})},
  //series    = {Lecture Notes in Computer Science},
  //volume    = {4692},
  pages     = {371--378},
  //publisher = {Springer},
  year      = {2007},
  url       = {https://doi.org/10.1007/978-3-540-74819-9\_46},
  doi       = {10.1007/978-3-540-74819-9\_46},
  timestamp = {Tue, 14 May 2019 10:00:51 +0200},
  biburl    = {https://dblp.org/rec/conf/kes/Geem07.bib},
  bibsource = {dblp computer science bibliography, https://dblp.org}
}

@article{DBLP:journals/tec/JinH19,
  author    = {Yan Jin and
               Jin{-}Kao Hao},
  title     = {Solving the {L}atin Square Completion Problem by Memetic Graph Coloring},
  journal   = {IEEE Transactions on Evolutionary Computation},
  volume    = {23},
  number    = {6},
  pages     = {1015--1028},
  year      = {2019},
  url       = {https://doi.org/10.1109/TEVC.2019.2899053},
  doi       = {10.1109/TEVC.2019.2899053},
  timestamp = {Tue, 12 May 2020 16:51:02 +0200},
  biburl    = {https://dblp.org/rec/journals/tec/JinH19.bib},
  bibsource = {dblp computer science bibliography, https://dblp.org}
}

@article{Bir1992PrecoloringEI,
  title={Precoloring extension. {I}. Interval graphs},
  author={Mikl{\'o}s Bir{\'o} and Mih{\'a}ly Hujter and Zsolt Tuza},
  journal={Discrete Mathematics},
  year={1992},
  volume={100},
  pages={267-279}
}

@inproceedings{mantere2008solving,
  title={Solving and analyzing {S}udokus with cultural algorithms},
  author={Mantere, Timo and Koljonen, Janne},
  booktitle={Proceedings of the IEEE Congress on Evolutionary Computation (CEC)},
  pages={4053--4060},
  year={2008},
  //organization={IEEE}
}

@article{glover1998tabu,
  title={Tabu search},
  author={Glover, Fred and Laguna, Manuel},
  journal={Handbook of Combinatorial Optimization},
  pages={2093--2229},
  year={1998},
  publisher={Springer Boston, MA, USA}
}

@inproceedings{wang2016two,
  title={Two efficient local search algorithms for maximum weight clique problem},
  author={Wang, Yiyuan and Cai, Shaowei and Yin, Minghao},
  booktitle={Thirtieth AAAI Conference on Artificial Intelligence},
  pages={805--811},
  year={2016}
}

@incollection{lourencco2019iterated,
  title={Iterated local search: Framework and applications},
  author={Louren{\c{c}}o, Helena Ramalhinho and Martin, Olivier C and St{\"u}tzle, Thomas},
  booktitle={Handbook of metaheuristics},
  pages={129--168},
  year={2019},
  publisher={Springer}
}

@article{fleury2020cadical,
  title={CaDiCaL, kissat, paracooba, plingeling and treengeling entering the SAT competition 2020},
  author={Armin Biere and
          Katalin Fazekas and
          Mathias Fleury and
          Maximilian Heisinger},
  journal={Proceedings of {SAT} Competition 2020 : Solver and Benchmark Descriptions},
  //volume={50},
  //pages={2020},
  year={2020}
}

article{,
  title={A Fast Local Search Algorithm for the Latin Square Completion Problem},
  author={Pan, Shiwei and Wang, Yiyuan and Yin, Minghao},
  year={2022}
}

@inproceedings{pan2022fast,
  author    = {Shiwei Pan and
               Yiyuan Wang and
               Minghao Yin},
  title     = {A Fast Local Search Algorithm for the {L}atin Square Completion Problem},
  booktitle = {Thirty-Sixth {AAAI} Conference on Artificial Intelligence},
  pages     = {10327--10335},
  //publisher = {{AAAI} Press},
  year      = {2022},
  url       = {https://ojs.aaai.org/index.php/AAAI/article/view/21274},
  timestamp = {Tue, 12 Jul 2022 14:14:21 +0200},
  biburl    = {https://dblp.org/rec/conf/aaai/PanWY22.bib},
  bibsource = {dblp computer science bibliography, https://dblp.org}
}

@article{wang2023novel,
  title={A Novel Evolutionary Algorithm with Column and Sub-Block Local Search for {S}udoku Puzzles},
  author={Wang, Chuan and Sun, Bing and Du, Ke-Jing and Li, Jian-Yu and Zhan, Zhi-Hui and Jeon, Sang-Woon and Wang, Hua and Zhang, Jun},
  journal={IEEE Transactions on Games},
  year={2023},
  publisher={IEEE}
}

@book{rossi2006handbook,
  title={Handbook of constraint programming},
  author={Rossi, Francesca and Van Beek, Peter and Walsh, Toby},
  year={2006},
  publisher={Elsevier}
}

@article{lauriere1978language,
  title={A language and a program for stating and solving combinatorial problems},
  author={Lauriere, Jena-Lonis},
  journal={Artificial intelligence},
  volume={10},
  number={1},
  pages={29--127},
  year={1978},
  publisher={Elsevier}
}

@article{golomb1965backtrack,
  title={Backtrack programming},
  author={Golomb, Solomon W and Baumert, Leonard D},
  journal={Journal of the ACM (JACM)},
  volume={12},
  number={4},
  pages={516--524},
  year={1965},
  publisher={ACM New York, NY, USA}
}

@article{apt1999essence,
  title={The essence of constraint propagation},
  author={Apt, Krzysztof R},
  journal={Theoretical computer science},
  volume={221},
  number={1-2},
  pages={179--210},
  year={1999},
  publisher={Elsevier}
}

@inproceedings{regin1994filtering,
  title={A filtering algorithm for constraints of difference in CSPs},
  author={R{\'e}gin, Jean-Charles},
  booktitle={AAAI},
  volume={94},
  pages={362--367},
  year={1994}
}

@article{tamura2009compiling,
  title={Compiling finite linear CSP into SAT},
  author={Tamura, Naoyuki and Taga, Akiko and Kitagawa, Satoshi and Banbara, Mutsunori},
  journal={Constraints},
  volume={14},
  pages={254--272},
  year={2009},
  publisher={Springer}
}

@incollection{hoos2006local,
  title={Local search methods},
  author={Hoos, Holger H and Tsang, Edward},
  booktitle={Foundations of Artificial Intelligence},
  volume={2},
  pages={135--167},
  year={2006},
  publisher={Elsevier}
}

@article{kumar1999approximating,
  title={Approximating latin square extensions},
  author={Kumar, S Ravi and Russell, Alexander and Sundaram, Ravi},
  journal={Algorithmica},
  volume={24},
  pages={128--138},
  year={1999},
  publisher={Springer}
}

@article{mann1942construction,
  title={The construction of orthogonal Latin squares},
  author={Mann, Henry B},
  journal={The Annals of Mathematical Statistics},
  volume={13},
  number={4},
  pages={418--423},
  year={1942},
  publisher={JSTOR}
}

@article{colbourn2004permutation,
  title={Permutation arrays for powerline communication and mutually orthogonal latin squares},
  author={Colbourn, Charles J and Klove, Torleiv and Ling, Alan CH},
  journal={IEEE Transactions on Information Theory},
  volume={50},
  number={6},
  pages={1289--1291},
  year={2004},
  publisher={IEEE}
}

@article{barnier2004graph,
  title={Graph coloring for air traffic flow management},
  author={Barnier, Nicolas and Brisset, Pascal},
  journal={Annals of operations research},
  volume={130},
  pages={163--178},
  year={2004},
  publisher={Springer}
}

@article{colbourn2001mutually,
  title={Mutually orthogonal Latin squares: a brief survey of constructions},
  author={Colbourn, Charles J and Dinitz, Jeffrey H},
  journal={Journal of Statistical Planning and Inference},
  volume={95},
  number={1-2},
  pages={9--48},
  year={2001},
  publisher={Elsevier}
}

@article{schulte2010modeling,
  title={Modeling and programming with gecode},
  author={Schulte, Christian and Tack, Guido and Lagerkvist, Mikael Z},
  journal={Schulte, Christian and Tack, Guido and Lagerkvist, Mikael},
  volume={1},
  year={2010}
}

@inproceedings{codognet2001yet,
  title={Yet another local search method for constraint solving},
  author={Codognet, Philippe and Diaz, Daniel},
  booktitle={Stochastic Algorithms: Foundations and Applications: International Symposium, SAGA 2001 Berlin, Germany, December 13--14, 2001 Proceedings},
  pages={73--90},
  year={2001},
  organization={Springer}
}

@article{bjordal2015constraint,
  title={A constraint-based local search backend for MiniZinc},
  author={Bj{\"o}rdal, Gustav and Monette, Jean-No{\"e}l and Flener, Pierre and Pearson, Justin},
  journal={Constraints},
  volume={20},
  pages={325--345},
  year={2015},
  publisher={Springer}
}

@incollection{claus2020analysis,
  title={Analysis of reduced costs filtering for alldifferent and minimum weight alldifferent global constraints},
  author={Claus, Guillaume and Cambazard, Hadrien and Jost, Vincent},
  booktitle={ECAI 2020},
  pages={323--330},
  year={2020},
  publisher={IOS Press}
}

@inproceedings{zhang2018fast,
  title={A Fast Algorithm for Generalized Arc Consistency of the Alldifferent Constraint.},
  author={Zhang, Xizhe and Li, Qian and Zhang, Weixiong},
  booktitle={IJCAI},
  pages={1398--1403},
  year={2018}
}

@article{harris2020improving,
  title={Improving Constraint Satisfaction Algorithm Efficiency for the AllDifferent Constraint},
  author={Harris, Geoff},
  journal={arXiv preprint arXiv:2012.03624},
  year={2020}
}

@inproceedings{van2004hyper,
  title={A hyper-arc consistency algorithm for the soft alldifferent constraint},
  author={Van Hoeve, Willem Jan},
  booktitle={Principles and Practice of Constraint Programming--CP 2004: 10th International Conference, CP 2004, Toronto, Canada, September 27-October 1, 2004. Proceedings 10},
  pages={679--689},
  year={2004},
  organization={Springer}
}

@inproceedings{zhang2021early,
  title={Early and efficient identification of useless constraint propagation for alldifferent constraints},
  author={Zhang, Xizhe and Gao, Jian and Lv, Yizhi and Zhang, Weixiong},
  booktitle={Proceedings of the Twenty-Ninth International Conference on International Joint Conferences on Artificial Intelligence},
  pages={1126--1133},
  year={2021}
}

@inproceedings{li2021improving,
  title={Improving Local Search for Minimum Weighted Connected Dominating Set Problem by Inner-Layer Local Search},
  author={Li, Bohan and Wang, Kai and Wang, Yiyuan and Cai, Shaowei},
  booktitle={27th International Conference on Principles and Practice of Constraint Programming (CP 2021)},
  year={2021},
  organization={Schloss Dagstuhl-Leibniz-Zentrum f{\"u}r Informatik}
}

@inproceedings{bjordal2019exploring,
  title={Exploring declarative local-search neighbourhoods with constraint programming},
  author={Bj{\"o}rdal, Gustav and Flener, Pierre and Pearson, Justin and Stuckey, Peter J},
  booktitle={Principles and Practice of Constraint Programming: 25th International Conference, CP 2019, Stamford, CT, USA, September 30--October 4, 2019, Proceedings 25},
  pages={37--53},
  year={2019},
  organization={Springer}
}

@inproceedings{chen2022nukcp,
  title={NukCP: An improved local search algorithm for maximum k-club problem},
  author={Chen, Jiejiang and Wang, Yiyuan and Cai, Shaowei and Yin, Minghao and Zhou, Yupeng and Wu, Jieyu},
  booktitle={Proceedings of the AAAI Conference on Artificial Intelligence},
  volume={36},
  number={9},
  pages={10146--10155},
  year={2022}
}

@article{dong2013multi,
  title={A multi-restart iterated local search algorithm for the permutation flow shop problem minimizing total flow time},
  author={Dong, Xingye and Chen, Ping and Huang, Houkuan and Nowak, Maciek},
  journal={Computers \& Operations Research},
  volume={40},
  number={2},
  pages={627--632},
  year={2013},
  publisher={Elsevier}
}

@inproceedings{suijlen2022parallel,
  title={A parallel algorithm for GAC filtering of the alldifferent constraint},
  author={Suijlen, Wijnand and de Framond, F{\'e}lix and Lallouet, Arnaud and Petitet, Antoine},
  booktitle={International Conference on Integration of Constraint Programming, Artificial Intelligence, and Operations Research},
  pages={390--407},
  year={2022},
  organization={Springer}
}

@article{prud2016choco,
  title={Choco solver documentation},
  author={Prud’homme, Charles and Fages, Jean-Guillaume and Lorca, Xavier},
  journal={TASC, INRIA Rennes, LINA CNRS UMR},
  volume={6241},
  pages={102--106},
  year={2016}
}

@incollection{dorne1999tabu,
  title={Tabu search for graph coloring, T-colorings and set T-colorings},
  author={Dorne, Rapha{\"e}l and Hao, Jin-Kao},
  booktitle={Meta-heuristics: Advances and trends in local search paradigms for optimization},
  pages={77--92},
  year={1999},
  publisher={Springer}
}

@article{prud2019choco,
  title={Choco solver},
  author={Prud’homme, Charles and Fages, Jean-Guillaume and Lorca, Xavier},
  journal={Website, March},
  year={2019}
}

@article{rivin1994n,
  title={The n-queens problem},
  author={Rivin, Igor and Vardi, Ilan and Zimmermann, Paul},
  journal={The American Mathematical Monthly},
  volume={101},
  number={7},
  pages={629--639},
  year={1994},
  publisher={Taylor \& Francis}
}

@article{morris1974structure,
  title={The structure of all-interval series},
  author={Morris, Robert and Starr, Daniel},
  journal={Journal of Music Theory},
  volume={18},
  number={2},
  pages={364--389},
  year={1974},
  publisher={JSTOR}
}

@inproceedings{DBLP:conf/ijcai/LiWL23,
  author       = {Zhe Li and
                  Yaohua Wang and
                  Zhanshan Li},
  title        = {A Bitwise {GAC} Algorithm for Alldifferent Constraints},
  booktitle    = {Proceedings of the Thirty-Second International Joint Conference on
                  Artificial Intelligence, {IJCAI} 2023, 19th-25th August 2023, Macao,
                  SAR, China},
  pages        = {1988--1995},
  publisher    = {ijcai.org},
  year         = {2023},
  url          = {https://doi.org/10.24963/ijcai.2023/221},
  doi          = {10.24963/ijcai.2023/221},
  timestamp    = {Mon, 14 Aug 2023 16:05:12 +0200},
  biburl       = {https://dblp.org/rec/conf/ijcai/LiWL23.bib},
  bibsource    = {dblp computer science bibliography, https://dblp.org}
}

@inproceedings{DBLP:conf/ijcai/ZhenLLL23,
  author       = {Luhan Zhen and
                  Zhanshan Li and
                  Yanzhi Li and
                  Hongbo Li},
  title        = {Eliminating the Computation of Strongly Connected Components in Generalized
                  Arc Consistency Algorithm for AllDifferent Constraint},
  booktitle    = {Proceedings of the Thirty-Second International Joint Conference on
                  Artificial Intelligence, {IJCAI} 2023, 19th-25th August 2023, Macao,
                  SAR, China},
  pages        = {2049--2057},
  publisher    = {ijcai.org},
  year         = {2023},
  url          = {https://doi.org/10.24963/ijcai.2023/228},
  doi          = {10.24963/ijcai.2023/228},
  timestamp    = {Mon, 14 Aug 2023 16:05:12 +0200},
  biburl       = {https://dblp.org/rec/conf/ijcai/ZhenLLL23.bib},
  bibsource    = {dblp computer science bibliography, https://dblp.org}
}

@inproceedings{zhen2023eliminating,
  title={Eliminating the computation of strongly connected components in generalized arc consistency algorithm for alldifferent constraint},
  author={Zhen, Luhan and Li, Zhanshan and Li, Yanzhi and Li, Hongbo},
  booktitle={Proceedings of the Thirty-Second International Joint Conference on Artificial Intelligence},
  pages={2049--2057},
  year={2023}
}

@incollection{van2006backtracking,
  title={Backtracking search algorithms},
  author={Van Beek, Peter},
  booktitle={Foundations of artificial intelligence},
  volume={2},
  pages={85--134},
  year={2006},
  publisher={Elsevier}
}

@book{van1987simulated,
  title={Simulated annealing},
  author={Van Laarhoven, Peter JM and Aarts, Emile HL and van Laarhoven, Peter JM and Aarts, Emile HL},
  year={1987},
  publisher={Springer}
}

@article{mirjalili2019genetic,
  title={Genetic algorithm},
  author={Mirjalili, Seyedali and Mirjalili, Seyedali},
  journal={Evolutionary algorithms and neural networks: Theory and applications},
  pages={43--55},
  year={2019},
  publisher={Springer}
}

@article{wang2018particle,
  title={Particle swarm optimization algorithm: an overview},
  author={Wang, Dongshu and Tan, Dapei and Liu, Lei},
  journal={Soft computing},
  volume={22},
  pages={387--408},
  year={2018},
  publisher={Springer}
}

@inproceedings{bartak2001theory,
  title={Theory and practice of constraint propagation},
  author={Bart{\'a}k, Roman},
  booktitle={Proceedings of the 3rd Workshop on Constraint Programming in Decision and Control},
  volume={50},
  year={2001}
}

@inproceedings{beame2003understanding,
  title={Understanding the power of clause learning},
  author={Beame, Paul and Kautz, Henry and Sabharwal, Ashish},
  booktitle={IJCAI},
  pages={1194--1201},
  year={2003},
  organization={Citeseer}
}

@inproceedings{huang2007effect,
  title={The Effect of Restarts on the Efficiency of Clause Learning.},
  author={Huang, Jinbo and others},
  booktitle={IJCAI},
  volume={7},
  pages={2318--2323},
  year={2007}
}

@book{biere2009handbook,
  title={Handbook of satisfiability},
  author={Biere, Armin and Heule, Marijn and van Maaren, Hans},
  volume={185},
  year={2009},
  publisher={IOS press}
}

@article{barrett2018satisfiability,
  title={Satisfiability modulo theories},
  author={Barrett, Clark and Tinelli, Cesare},
  journal={Handbook of model checking},
  pages={305--343},
  year={2018},
  publisher={Springer}
}

@article{dantzig2002linear,
  title={Linear programming},
  author={Dantzig, George B},
  journal={Operations research},
  volume={50},
  number={1},
  pages={42--47},
  year={2002},
  publisher={INFORMS}
}

@inproceedings{de2008z3,
  title={Z3: An efficient SMT solver},
  author={De Moura, Leonardo and Bj{\o}rner, Nikolaj},
  booktitle={International conference on Tools and Algorithms for the Construction and Analysis of Systems},
  pages={337--340},
  year={2008},
  organization={Springer}
}

@inproceedings{barbosa2022cvc5,
  title={cvc5: A versatile and industrial-strength SMT solver},
  author={Barbosa, Haniel and Barrett, Clark and Brain, Martin and Kremer, Gereon and Lachnitt, Hanna and Mann, Makai and Mohamed, Abdalrhman and Mohamed, Mudathir and Niemetz, Aina and N{\"o}tzli, Andres and others},
  booktitle={International Conference on Tools and Algorithms for the Construction and Analysis of Systems},
  pages={415--442},
  year={2022},
  organization={Springer}
}

@article{sorensson2005minisat,
  title={Minisat v1. 13-a sat solver with conflict-clause minimization},
  author={Sorensson, Niklas and Een, Niklas},
  journal={SAT},
  volume={2005},
  number={53},
  pages={1--2},
  year={2005}
}
@article{van2001alldifferent,
  title={The alldifferent constraint: A survey},
  author={Van Hoeve, Willem-Jan},
  journal={arXiv preprint cs/0105015},
  year={2001}
}

@article{ford1957simple,
  title={A simple algorithm for finding maximal network flows and an application to the Hitchcock problem},
  author={Ford, Lester Randolph and Fulkerson, Delbert R},
  journal={Canadian journal of Mathematics},
  volume={9},
  pages={210--218},
  year={1957},
  publisher={Cambridge University Press}
}

@article{edmonds1972theoretical,
  title={Theoretical improvements in algorithmic efficiency for network flow problems},
  author={Edmonds, Jack and Karp, Richard M},
  journal={Journal of the ACM (JACM)},
  volume={19},
  number={2},
  pages={248--264},
  year={1972},
  publisher={ACM New York, NY, USA}
}

@inproceedings{michel2002constraint,
  title={A constraint-based architecture for local search},
  author={Michel, Laurent and Hentenryck, Pascal Van},
  booktitle={Proceedings of the 17th ACM SIGPLAN conference on Object-oriented programming, systems, languages, and applications},
  pages={83--100},
  year={2002}
}

@book{apt2003principles,
  title={Principles of constraint programming},
  author={Apt, Krzysztof},
  year={2003},
  publisher={Cambridge university press}
}

@inproceedings{nethercote2007minizinc,
  title={MiniZinc: Towards a standard CP modelling language},
  author={Nethercote, Nicholas and Stuckey, Peter J and Becket, Ralph and Brand, Sebastian and Duck, Gregory J and Tack, Guido},
  booktitle={International Conference on Principles and Practice of Constraint Programming},
  pages={529--543},
  year={2007},
  organization={Springer}
}

@article{hopcroft1973n,
  title={An n\^{}5/2 algorithm for maximum matchings in bipartite graphs},
  author={Hopcroft, John E and Karp, Richard M},
  journal={SIAM Journal on computing},
  volume={2},
  number={4},
  pages={225--231},
  year={1973},
  publisher={SIAM}
}

@article{edmonds1965paths,
  title={Paths, trees, and flowers},
  author={Edmonds, Jack},
  journal={Canadian Journal of mathematics},
  volume={17},
  pages={449--467},
  year={1965},
  publisher={Cambridge University Press}
}

@inproceedings{micali1980v,
  title={An O (v| v| c| E|) algoithm for finding maximum matching in general graphs},
  author={Micali, Silvio and Vazirani, Vijay V},
  booktitle={21st Annual symposium on foundations of computer science (Sfcs 1980)},
  pages={17--27},
  year={1980},
  organization={IEEE}
}

@article{hall1987representatives,
  title={On representatives of subsets},
  author={Hall, Philip},
  journal={Classic Papers in Combinatorics},
  pages={58--62},
  year={1987},
  publisher={Springer}
}

@article{gent2008generalised,
  title={Generalised arc consistency for the alldifferent constraint: An empirical survey},
  author={Gent, Ian P and Miguel, Ian and Nightingale, Peter},
  journal={Artificial Intelligence},
  volume={172},
  number={18},
  pages={1973--2000},
  year={2008},
  publisher={Elsevier}
}

@inproceedings{li2023bitwise,
  title={A bitwise GAC algorithm for alldifferent constraints},
  author={Li, Zhe and Wang, Yaohua and Li, Zhanshan},
  booktitle={Proceedings of the Thirty-Second International Joint Conference on Artificial Intelligence},
  pages={1988--1995},
  year={2023}
}

@article{glover1990tabu,
  title={Tabu search: A tutorial},
  author={Glover, Fred},
  journal={Interfaces},
  volume={20},
  number={4},
  pages={74--94},
  year={1990},
  publisher={INFORMS}
}

@incollection{lourencco2003iterated,
  title={Iterated local search},
  author={Louren{\c{c}}o, Helena R and Martin, Olivier C and St{\"u}tzle, Thomas},
  booktitle={Handbook of metaheuristics},
  pages={320--353},
  year={2003},
  publisher={Springer}
}

@article{cai2011local,
  title={Local search with edge weighting and configuration checking heuristics for minimum vertex cover},
  author={Cai, Shaowei and Su, Kaile and Sattar, Abdul},
  journal={Artificial Intelligence},
  volume={175},
  number={9-10},
  pages={1672--1696},
  year={2011},
  publisher={Elsevier}
}

@article{tasgetiren2007particle,
  title={A particle swarm optimization algorithm for makespan and total flowtime minimization in the permutation flowshop sequencing problem},
  author={Tasgetiren, M Fatih and Liang, Yun-Chia and Sevkli, Mehmet and Gencyilmaz, Gunes},
  journal={European journal of operational research},
  volume={177},
  number={3},
  pages={1930--1947},
  year={2007},
  publisher={Elsevier}
}

@book{zhang2014automatic,
  title={Automatic generation of combinatorial test data},
  author={Zhang, Jian and Zhang, Zhiqiang and Ma, Feifei},
  year={2014},
  publisher={Springer}
}

@article{mandl1985orthogonal,
  title={Orthogonal Latin squares: an application of experiment design to compiler testing},
  author={Mandl, Robert},
  journal={Communications of the ACM},
  volume={28},
  number={10},
  pages={1054--1058},
  year={1985},
  publisher={ACM New York, NY, USA}
}